<?xml version="1.0" encoding="UTF-8"?><collection xmlns="http://www.loc.gov/MARC21/slim"><record><leader>00387nam--2200157-i-4500</leader><controlfield tag="001">000049208</controlfield><controlfield tag="002">20161230</controlfield><controlfield tag="005">20170208133026</controlfield><controlfield tag="008">060222s1000------------r-----000-0-eng-d</controlfield><datafield ind1=" " ind2=" " tag="080"><subfield code="a">512.54:511.3</subfield></datafield><datafield ind1=" " ind2=" " tag="245"><subfield code="a">Algebraicheskie chisla i konechnye gruppy</subfield></datafield><datafield ind1=" " ind2=" " tag="260"><subfield code="a">Leningrad</subfield><subfield code="b">Nauka</subfield><subfield code="c">1979</subfield></datafield><datafield ind1=" " ind2=" " tag="300"><subfield code="a">192 S</subfield></datafield><datafield ind1=" " ind2=" " tag="700"><subfield code="a">Venkova, B. B</subfield></datafield><datafield ind1=" " ind2=" " tag="852"><subfield code="a">47774</subfield></datafield><datafield ind1=" " ind2=" " tag="CAT"><subfield code="a">SYS</subfield><subfield code="c">20170208</subfield><subfield code="h">133026</subfield></datafield></record></collection>